@InCollection{Cobham,
  author = 	 {A. Cobham},
  title = 	 {The intrinsic computational difficulty of functions},
  booktitle = 	 {Proc. of the International Congress for Logic, Methodology, and the Philosophy of Science},
  pages =	 {24-30},
  publisher =	 {Amsterdam},
  year =	 1965
}

@Inbook{batcher:0-1-princ2011,
	author="Al-Haj Baddar, Sherenaz W.
	and Batcher, Kenneth E.",
	title="The 0/1-Principle		",
	bookTitle="Designing Sorting Networks: A New Paradigm",
	year="2011",
	publisher="Springer New York",
	address="New York, NY",
	pages="19--25",
	isbn="978-1-4614-1851-1",
	doi="10.1007/978-1-4614-1851-1_4",
	url="https://doi.org/10.1007/978-1-4614-1851-1_4"
}

@article{BarImmStrauS90:uniformity-nc1,
	author    = {David A. Mix Barrington and
	Neil Immerman and
	Howard Straubing},
	title     = {On Uniformity within NC{\({^1}\)}},
	journal   = {J. Comput. Syst. Sci.},
	volume    = {41},
	number    = {3},
	pages     = {274--306},
	year      = {1990},
	url       = {https://doi.org/10.1016/0022-0000(90)90022-D},
	doi       = {10.1016/0022-0000(90)90022-D},
	timestamp = {Sat, 20 May 2017 00:25:56 +0200},
	biburl    = {https://dblp.org/rec/bib/journals/jcss/BarringtonIS90},
	bibsource = {dblp computer science bibliography, https://dblp.org}
}

@article{Wrathall76:PH+LTH,
	author    = {Celia Wrathall},
	title     = {Complete Sets and the Polynomial-Time Hierarchy},
	journal   = {Theor. Comput. Sci.},
	volume    = {3},
	number    = {1},
	pages     = {23--33},
	year      = {1976},
	url       = {https://doi.org/10.1016/0304-3975(76)90062-1},
	doi       = {10.1016/0304-3975(76)90062-1},
	timestamp = {Sun, 28 May 2017 13:20:06 +0200},
}

@inproceedings{Das16,
	author    = {Anupam Das},
	title     = {From positive and intuitionistic bounded arithmetic to monotone proof
	complexity},
	booktitle = {Proceedings of the 31st Annual {ACM/IEEE} Symposium on Logic in Computer
	Science, {LICS} '16, New York, NY, USA, July 5-8, 2016},
	pages     = {126--135},
	year      = {2016},
	url       = {http://doi.acm.org/10.1145/2933575.2934570},
	doi       = {10.1145/2933575.2934570},
	timestamp = {Thu, 27 Oct 2016 11:27:54 +0200},
}


@book{Papadimitriou07,
	author    = {Christos H. Papadimitriou},
	title     = {Computational complexity},
	publisher = {Academic Internet Publ.},
	year      = {2007},
	isbn      = {978-1-4288-1409-7},
	timestamp = {Mon, 21 Mar 2011 07:50:16 +0100},
	biburl    = {https://dblp.org/rec/bib/books/daglib/0018514},
	bibsource = {dblp computer science bibliography, https://dblp.org}
}

@book{CloKra02,
	author    = {Peter Clote and
	Evangelos Kranakis},
	title     = {Boolean Functions and Computation Models},
	series    = {Texts in Theoretical Computer Science. An {EATCS} Series},
	publisher = {Springer},
	year      = {2002},
	url       = {https://doi.org/10.1007/978-3-662-04943-3},
	doi       = {10.1007/978-3-662-04943-3},
	isbn      = {978-3-642-08217-7},
	timestamp = {Thu, 01 Jun 2017 18:57:40 +0200},
	biburl    = {http://dblp.org/rec/bib/series/txtcs/CloteK02},
	bibsource = {dblp computer science bibliography, http://dblp.org}
}

@article{Korshunov:03,
	author={A D Korshunov},
	title={Monotone Boolean functions},
	journal={Russian Mathematical Surveys},
	volume={58},
	number={5},
	year={2003}
}


@article{Razborov85,
	author = {Razborov, A. A.},
	citeulike-article-id = {3080223},
	journal = {Doklady Akademii Nauk SSSR},
	keywords = {boolean-functions, circuit-complexity, monotone-complexity},
	posted-at = {2008-08-04 08:25:16},
	priority = {2},
	title = {Lower bounds on the monotone complexity of some {Boolean} functions},
	volume = {285},
	year = {1985}
}

@phdthesis{grigni1991structure,
	title={Structure in monotone complexity},
	author={Grigni, Michelangelo},
	year={1991},
	school={Duke University}
}


@article{tardos1988gap,
	title={The gap between monotone and non-monotone circuit complexity is exponential},
	author={Tardos, E.},
	journal={Combinatorica},
	volume={8},
	number={1},
	year={1988},
	pages={141--142},
	publisher={Springer}
}


@article{alon1987monotone,
	title={The monotone circuit complexity of Boolean functions},
	author={Alon, Noga and Boppana, Ravi B},
	journal={Combinatorica},
	volume={7},
	number={1},
	year={1987},
	pages={1--22},
	publisher={Springer}
}


@InCollection{FF,
  author = 	 {Fernando Ferreira},
  title = 	 {Polynomial time computable arithmetic},
  booktitle = 	 {Contemporary Mathematics},
  pages =	 {137-156},
  publisher =	 {AMS},
  year =	 1990,
  volume =	 106
}
@article{LSS98,
	author    = {Clemens Lautemann and
	Thomas Schwentick and
	Iain A. Stewart},
	title     = {Positive Versions of Polynomial Time},
	journal   = {Inf. Comput.},
	volume    = {147},
	number    = {2},
	pages     = {145--170},
	year      = {1998},
	url       = {https://doi.org/10.1006/inco.1998.2742},
	doi       = {10.1006/inco.1998.2742}
}
@article{BelCoo92,
	author    = {Stephen Bellantoni and
	Stephen A. Cook},
	title     = {A New Recursion-Theoretic Characterization of the Polytime Functions},
	journal   = {Computational Complexity},
	volume    = {2},
	pages     = {97--110},
	year      = {1992},
	url       = {https://doi.org/10.1007/BF01201998},
	doi       = {10.1007/BF01201998},
	timestamp = {Sun, 28 May 2017 13:19:16 +0200},
	biburl    = {http://dblp.org/rec/bib/journals/cc/BellantoniC92},
	bibsource = {dblp computer science bibliography, http://dblp.org}
}

@Article{IO97,
  author = 	 {Isabel Oitavem},
  title = 	 {New recursive characterizations of the elementary functions and the functions computable in polynomial space},
  journal = 	 {Revista Matematica de la Universidad Complutense de Madrid},
  year = 	 1997,
  volume =	 10,
  number =	 1,
  pages =	 {109-125}
}
@inproceedings{Grigni:1992:MC:167687.167706,
	author = {Grigni, Michelangelo and Sipser, Michael},
	title = {Monotone Complexity},
	booktitle = {London Mathematical Society Symposium on Boolean Function Complexity},
	year = {1992},
	numpages = {19},
	acmid = {167706},
	publisher = {Cambridge University Press},
	address = {New York, NY, USA},
}
@Book{Buss1986,
	Author = {Buss, Samuel R.},
	Title = {Bounded arithmetic},
	Address = {Naples},
	Publisher = {Bibliopolis},
	Series = {Studies in Proof Theory},
	Volume = {1},
	Year = {1986}
}

@book{krajicek1995bounded,
	title={Bounded arithmetic, propositional logic and complexity theory},
	author={Krajicek, Jan},
	year={1995},
	publisher={Cambridge University Press}
}

@book{Grzegorczyk1953,
	author = {Grzegorczyk, Andrzej},
	keywords = {foundations of mathematics, philosophy, logic},
	language = {eng},
	location = {Warszawa},
	publisher = {Instytut Matematyczny Polskiej Akademi Nauk},
	title = {Some classes of recursive functions},
	year = {1953},
}

@book{Cook:2010:LFP:1734064,
	author = {Cook, Stephen and Nguyen, Phuong},
	title = {Logical Foundations of Proof Complexity},
	year = {2010},
	isbn = {052151729X, 9780521517294},
	edition = {1st},
	publisher = {Cambridge University Press},
	address = {New York, NY, USA},
} 


@article{Ritchie1963,
	author = {Robert W. Ritchie},
	pages = {252--253},
	volume = {28},
	year = {1963},
	journal = {Journal of Symbolic Logic},
	number = {3},
	publisher = {Association for Symbolic Logic},
	title = {Classes of Predictably Computable Functions}
}
@inproceedings{LautemannSS96:on-pos-p,
	author    = {Clemens Lautemann and
	Thomas Schwentick and
	Iain A. Stewart},
	title     = {On Positive {P}},
	booktitle = {{IEEE} Conference on Computational
	Complexity '96},
	year      = {1996}
}

@article{Ruzzo81:on-unif-circ-comp,
	author    = {Walter L. Ruzzo},
	title     = {On Uniform Circuit Complexity},
	journal   = {J. Comput. Syst. Sci.},
	volume    = {22},
	number    = {3},
	pages     = {365--383},
	year      = {1981},
	url       = {https://doi.org/10.1016/0022-0000(81)90038-6},
	doi       = {10.1016/0022-0000(81)90038-6},
}

@inproceedings{Leivant91:delin-comp:feas,
	author    = {Daniel Leivant},
	title     = {A Foundational Delineation of Computational Feasiblity},
	booktitle = {Proceedings of the Sixth Annual Symposium on Logic in Computer Science
	{(LICS} '91), Amsterdam, The Netherlands, July 15-18, 1991},
	pages     = {2--11},
	year      = {1991},
	url       = {https://doi.org/10.1109/LICS.1991.151625},
	doi       = {10.1109/LICS.1991.151625},
}

@article{Leivant94:delin-ptime,
	author    = {Daniel Leivant},
	title     = {A Foundational Delineation of Poly-time},
	journal   = {Inf. Comput.},
	volume    = {110},
	number    = {2},
	pages     = {391--420},
	year      = {1994},
	url       = {https://doi.org/10.1006/inco.1994.1038},
	doi       = {10.1006/inco.1994.1038},
}